<?xml version="1.0" encoding="UTF-8"?><record xmlns="http://www.loc.gov/MARC21/slim" xmlns:cinclude="http://apache.org/cocoon/include/1.0" xmlns:zs="http://www.loc.gov/zing/srw/">
  <leader>00540cz  a2200133n  4500</leader>
  <controlfield tag="001">no2012025584</controlfield>
  <controlfield tag="003">DLC</controlfield>
  <controlfield tag="005">20161020150904.0</controlfield>
  <controlfield tag="008">120222n| azannaabn          |n ana     c</controlfield>
  <datafield tag="010" ind1=" " ind2=" ">
    <subfield code="a">no2012025584</subfield>
  </datafield>
  <datafield tag="035" ind1=" " ind2=" ">
    <subfield code="a">(OCoLC)oca09122699</subfield>
  </datafield>
  <datafield tag="040" ind1=" " ind2=" ">
    <subfield code="a">MH</subfield>
    <subfield code="b">eng</subfield>
    <subfield code="e">rda</subfield>
    <subfield code="c">MH</subfield>
    <subfield code="d">DLC</subfield>
  </datafield>
  <datafield tag="110" ind1="2" ind2=" ">
    <subfield code="a">Instituto Superior del Profesorado No 3 "Eduardo Lafferrière."</subfield>
    <subfield code="b">Centro de Investigaciones.</subfield>
    <subfield code="b">Sección Historia</subfield>
  </datafield>
  <datafield tag="670" ind1=" " ind2=" ">
    <subfield code="a">Historia regional, 1998:</subfield>
    <subfield code="b">t.p. (Instituto Superior del Profesorado No 3 "Eduardo Lafferrière", Centro de Investigaciones, Sección Historia)</subfield>
  </datafield>
</record>